@article{WigginsRedstone,
  author = "D. Deaver, R. Gordon, N. Rubin",
  title = "{Wiggins}/{Redstone}: An on-line program specializer",
  journal = "Proceedings of the IEEE Hot Chips XI Conference",
  year = "1999",
  month = "August"}

@misc{Transmeta,
  author = "Transmeta",
  title = "Crusoe processor",
  howpublished = {Web: \url{http://www.transmeta.com}},
  year = 2003}

@techreport{Dynamo,
  author = "Vasanth Bala and Evelyn Duesterwald and Sanjeev Banerjia",
  title = "Transparent Dynamic Optimisation: The Design and Implementation of {Dynamo}",
  institution = "HP Laboratories Cambridge",
  month = "June",
  year = "1999"}

@techreport{Mojo,
  author = "Wen-Ke Chen and Sorin Lerner and Ronnie Chaiken and David M. Gillies",
  title = "Mojo: A Dynamic Optimisation System",
  institution = "Microsoft Research",
  year = "2000"}

@article{Spike,
  author = "Robert S. Cohn and David W. Goodwin and P. Geoffrey Lowney",
  title = "Optimizing {Alpha} Executables on {Windows NT} with {Spike}",
  journal = "Digital Technical Journal",
  year = "1997",
  volume = "9",
  number = "4"}

@article{ Dixie,
  author = "Manel Fern\'andez Roger",
  title = "Dixie: A Retargetable Binary Instrumentation Tool",
  journal = "X Jornadas De Paralelismo, La Manga Del Mar Menor",
  year = 1999,
  month = "Sept"}
  
@article{Embra,
  author = "Emmett Witchel and Mendel Rosenblum",
  title = "Embra: Fast and Flexible Machine Simulation",
  journal = "Proceedings of ACM SIGMETRICS '96: Conference on Measurement and Modeling of Computer Systems",
  year = "1996"}
  
@misc{Deco,
  author = "Eric Jay Feigin",
  title = "A Case for Automatic Run-Time Code Optimization",
  howpublished = "Bachelor's thesis, Harvard College",
  year = "1999",
  month = "April"}

@article{ Etch,
    author = "Ted Romer and Geoff Voelker Dennis Lee and Alec Wolman and Wayne Wong and Hank Levy and Brian N. Bershad and J. Bradley Chen",
    title = "Instrumentation and Optimization of {Win32/Intel} Executables Using {Etch}",
    journal = "USENIX Windows NT Workshop",
    year = "1997"
}

@article{UQBT,
  author = "C Cifuentes and M Van Emmerik and D Ung and D Simon and T Waddington",
  title = "Preliminary experiences with the use of the {UQBT} Binary Translation Framework",
  journal = "Proceedings of the Workshop on Binary Translation",
  year = "1999",
  month = "Dec"}

@misc{Executor,
  author = "{ARDI}",
  title = "{Syn68k}",
  howpublished = "Web: \url{http://www.ardi.com/syn68k.php}",
  year = "1995"}

@article{Shade,
  author = "Bob Cmelik and David Keppel",
  title = "Shade: A Fast Instruction-Sert Simulator for Execution Profiling",
  journal = {ACM SIGMETRICS Conference on Measurement and Modeling of Computer Systems},
  year = "1994"
}

@misc{armphetamine,
  author = "J Brown",
  title = "{ARM}phetamine: A Dynamically-Recompiling {ARM} Emulator",
  howpublished = "Bachelor's thesis, University of Cambridge",
  year = "2000"}
  
@book{Tiger,
  author = "Andrew W. Appel",
  title = "Modern Compiler Implementation in ML",
  publisher = "Cambridge University Press",
  year = "1998"}
