@article{WigginsRedstone,
  author = "D. Deaver, R. Gordon, N. Rubin",
  title = "{Wiggins}/{Redstone}: An on-line program specializer",
  journal = "Proceedings of the IEEE Hot Chips XI Conference",
  year = "1999",
  month = "August"}

@misc{Transmeta,
  author = "Transmeta",
  title = "Crusoe processor",
  howpublished = {Web: \url{http://www.transmeta.com}},
  year = 2003}

@techreport{Dynamo,
  author = "Vasanth Bala and Evelyn Duesterwald and Sanjeev Banerjia",
  title = "Transparent Dynamic Optimisation: The Design and Implementation of {Dynamo}",
  institution = "HP Laboratories Cambridge",
  month = "June",
  year = "1999"}

@techreport{Mojo,
  author = "Wen-Ke Chen and Sorin Lerner and Ronnie Chaiken and David M. Gillies",
  title = "Mojo: A Dynamic Optimisation System",
  institution = "Microsoft Research",
  year = "2000"}

@article{Spike,
  author = "Robert S. Cohn and David W. Goodwin and P. Geoffrey Lowney",
  title = "Optimizing {Alpha} Executables on {Windows NT} with {Spike}",
  journal = "Digital Technical Journal",
  year = "1997",
  volume = "9",
  number = "4"}

@article{ Dixie,
  author = "Manel Fern\'andez Roger",
  title = "Dixie: A Retargetable Binary Instrumentation Tool",
  journal = "X Jornadas De Paralelismo, La Manga Del Mar Menor",
  year = 1999,
  month = "Sept"}
  
@article{Embra,
  author = "Emmett Witchel and Mendel Rosenblum",
  title = "Embra: Fast and Flexible Machine Simulation",
  journal = "Proceedings of ACM SIGMETRICS '96: Conference on Measurement and Modeling of Computer Systems",
  year = "1996"}
  
@misc{Deco,
  author = "Eric Jay Feigin",
  title = "A Case for Automatic Run-Time Code Optimization",
  howpublished = "Bachelor's thesis, Harvard College",
  year = "1999",
  month = "April"}

@article{ Etch,
    author = "Ted Romer and Geoff Voelker Dennis Lee and Alec Wolman and Wayne Wong and Hank Levy and Brian N. Bershad and J. Bradley Chen",
    title = "Instrumentation and Optimization of {Win32/Intel} Executables Using {Etch}",
    journal = "USENIX Windows NT Workshop",
    year = "1997"
}

@article{UQBT,
  author = "C Cifuentes and M Van Emmerik and D Ung and D Simon and T Waddington",
  title = "Preliminary experiences with the use of the {UQBT} Binary Translation Framework",
  journal = "Proceedings of the Workshop on Binary Translation",
  year = "1999",
  month = "Dec"}

@misc{Executor,
  author = "{ARDI}",
  title = "{Syn68k}",
  howpublished = "Web: \url{http://www.ardi.com/syn68k.php}",
  year = "1995"}

@article{Shade,
  author = "Bob Cmelik and David Keppel",
  title = "Shade: A Fast Instruction-Sert Simulator for Execution Profiling",
  journal = {ACM SIGMETRICS Conference on Measurement and Modeling of Computer Systems},
  year = "1994"
}

@misc{armphetamine,
  author = "J Brown",
  title = "{ARM}phetamine: A Dynamically-Recompiling {ARM} Emulator",
  howpublished = "Bachelor's thesis, University of Cambridge",
  year = "2000"}
  
@book{Tiger,
  author = "Andrew W. Appel",
  title = "Modern Compiler Implementation in ML",
  publisher = "Cambridge University Press",
  year = "1998"}

@inproceedings{Fabius,
  author = "Peter Lee and Mark Leone",
  title = "Optimizing {ML} with Run-Time Code Generation",
  booktitle = "{SIGPLAN} Conference on Programming Language Design and Implementation",
  pages = "137--148",
  year = "1996",
  url = "citeseer.nj.nec.com/70627.html" }

@phdthesis{DoScheme,
  author = "R. G. Burger",
  title = "Efficient Compilation and Profile-Driven Dynamic Recompilation in Scheme",
  school = "Indiana University",
  month = "February",
  year = "1997" }

@article{fx32,
  author = "Raymond J. Hookway and Mark A. Herdeg",
  title = "Digital {FX!32}: Combining Emulation and Binary Translation",
  journal = "Digital Technical Journal",
  volume = "9",
  number = "1",
  pages = "3--12",
  month = "January",
  year = "1997" }

@inproceedings{AdaptCtxInline,
 author = {Kim Hazelwood and David Grove},
 title = {Adaptive online context-sensitive inlining},
 booktitle = {Proceedings of the international symposium on Code generation and optimization},
 year = {2003},
 isbn = {0-7695-1913-X},
 pages = {253--264},
 location = {San Francisco, California},
 publisher = {IEEE Computer Society},
}

@mastersthesis{KimHazelwood,
  author = "Kim Hazelwood",
  title = "Dynamic Optimization Infrastructure and Algorithms for {IA-64}",
  school = "North Carolina State University",
  year = "2000"
}

@article{tcc,
  author = "Dawson R. Engler and Wilson C. Hsieh and M. Frans Kaashoek",
  title = "{`C}: A Language for high-level, efficient, and machine-independent dynamic code generation",
  journal = "Conference Record of the 23rd Annual ACM Symposium of Principles of Programming Languages",
  pages = "131--144",
  year = "1995"
}

@inproceedings{ Jalapeno,
  author = "M. Burke and J. Choi and S. Fink and D. Grove and M. Hind and V. Sarkar and M. Serrano and V. Sreedhar and H. Srinivasan and J. Whaley",
  title = "The {Jalape\~{n}o} dynamic optimizing compiler for {Java}",
  booktitle = "Proceedings ACM 1999 Java Grande Conference",
  pages = "129--141",
  month = "June",
  year = "1999",
  organization = "ACM",
  address = "San Francisco, CA, United States",
  url = "citeseer.nj.nec.com/burke99jalapentildeo.html" }
  
@article{ merten01architectural,
    author = "Matthew C. Merten and Andrew R. Trick and Ronald D. Barnes and Erik M. Nystrom and Christopher N. George and John C. Gyllenhaal and Wen-mei W. Hwu",
    title = "An Architectural Framework for Runtime Optimization",
    journal = "IEEE Transactions on Computers",
    volume = "50",
    number = "6",
    pages = "567-589",
    year = "2001",
    url = "citeseer.nj.nec.com/merten01architectural.html" }
